@inproceedings{fukushima2018guided,
    author  = {N. Fukushima and K. Sugimoto and S. Kamata},
    title   = {Guided Image Filtering with Arbitrary Window Function},
    booktitle = {IEEE International Conference on Acoustics, Speech and Signal Processing (ICASSP)},
    year    = {2018},
}

@inproceedings{matsuo2013weighted,
  author = {T. Matsuo and N. Fukushima and Y. Ishibashi},
  title = {Weighted Joint Bilateral Filter with Slope Depth Compensation Filter for Depth Map Refinement},
  booktitle = {Proc. The International Conference on Computer Vision Theory and Applications (VISAPP)},
  year = {2013},
  pages = {300--309},
}

@inproceedings{matsuo2015efficient,
    author  = {T. Matsuo and S. Fujita and N. Fukushima and Y. Ishibashi},
    title   = {Efficient edge-awareness propagation via single-map filtering for edge-preserving stereo matching},
    booktitle = {Proc. Three-Dimensional Image Processing, Measurement (3DIPM), and Applications},
    year    = {2015},
}

@inproceedings{fujita2015cost,
    author  = {S. Fujita and T. Matsuo and N. Fukushima and Y. Ishibashi},
    title   = {Cost volume refinement filter for post filtering of visual corresponding},
    booktitle = {Proc. Image Processing: Algorithms and Systems XIII},
    year    = {2015},
}

@inproceedings{tripathi2012single,
  author={A. K. Tripathi and S. Mukhopadhyay},
  title={Single image fog removal using bilateral filter},
  booktitle={IEEE International Conference on Signal Processing, Computing and Control (ISPCC)},
  year={2012},
}

@inproceedings{ancuti2012enhancing,
  author={C. Ancuti and C. O. Ancuti and T. Haber and P. Bekaert},
  title={Enhancing underwater images and videos by fusion},
  booktitle={IEEE Conference on Computer Vision and Pattern Recognition (CVPR)},
  year={2012},
}

@article{serikawa2014underwater,
  author={S. Serikawa and H. Lu},
  title={Underwater image dehazing using joint trilateral filter},
  journal={Computers \& Electrical Engineering},
  volume={40},
  number={1},
  pages={41--50},
  year={2014},
}

@article{farbman2008edge,
  author={Farbman, Z. and Fattal, R. and Lischinski, D. and Szeliski, R.},
  title={Edge-preserving decompositions for multi-scale tone and detail manipulation},
  journal={ACM Transactions on Graphics},
  volume={27},
  number={3},
  pages={67},
  year={2008},
}

@article{zhang2008multiresolution,
  author={Zhang, M. and Gunturk, B. K.},
  title={Multiresolution bilateral filtering for image denoising},
  journal={IEEE Transactions on image processing},
  volume={17},
  number={12},
  pages={2324--2333},
  year={2008},
}

@article{cho2009fast,
  author={Cho, S. and Lee, S.},
  title={Fast motion deblurring},
  journal={ACM Transactions on graphics},
  volume={28},
  number={5},
  pages={145},
  year={2009},
}

@article{irani1991improving,
  author={Irani, Michal and Peleg, Shmuel},
  title={Improving resolution by image registration},
  journal={CVGIP: Graphical models and image processing},
  volume={53},
  number={3},
  pages={231--239},
  year={1991},
}

@inproceedings{dai2007bilateral,
  author={Dai, S. and Han, M. and Wu, Y. and Gong, Y.},
  title={Bilateral Back-Projection for Single Image Super Resolution.},
  booktitle={Proc. IEEE International Conference on Multimedia and Expo (ICME)},
  pages={1039--1042},
  year={2007}
}

@article{levin2004colorization,
  author={Levin, Anat and Lischinski, Dani and Weiss, Yair},
  title={Colorization using optimization},
  journal={ACM transactions on graphics},
  volume={23},
  number={3},
  pages={689--694},
  year={2004},
}

@article{smith1997susan,
  author={Smith, Stephen M and Brady, J Michael},
  title={SUSAN-a new approach to low level image processing},
  journal={International journal of computer vision},
  volume={23},
  number={1},
  pages={45--78},
  year={1997},
}

@inproceedings{tomasi1998bilateral,
  author = "C. Tomasi and R. Manduchi",
  title = "Bilateral Filtering for Gray and Color Images",
  booktitle = "Proc. IEEE International Conference on Computer Vision (ICCV)",
  year = "1998",
}

@article{elad2002origin,
  author={M. Elad},
  title={On the origin of the bilateral filter and ways to improve it},
  journal={IEEE Transactions on image processing},
  volume={11},
  number={10},
  pages={1141--1151},
  year={2002},
  publisher={IEEE}
}

@inproceedings{choudhury2003trilateral,
  author={Choudhury, P. and Tumblin, J.},
  title={The trilateral filter for high contrast images and meshes},
  booktitle={Proc. Eurographics Workshop on Rendering},
  pages={186--196},
  year={2003},
}

@article{zhang2008adaptive,
  author = "B. Zhang and J. P. Allebach",
  title = "Adaptive Bilateral Filter for Sharpness Enhancement and Noise Removal",
  journal = "IEEE Transactions on Image Processing",
  volume = "17",
  number = "5",
  year = "2008",
  pages = "664--678",
}

@article{petschnigg2004digital,
  author = "G. Petschnigg and M. Agrawala and H. Hoppe and R. Szeliski and M. Cohen and K. Toyama",
  title = "Digital Photography with Flash and No-flash Image Pairs",
  journal = "ACM Transactions on Graphics",
  volume = "23",
  number = "3",
  year = "2004",
  pages = "664--672",
}

@article{eisemann2004flash,
  author = "E. Eisemann and F. Durand",
  title = "Flash Photography Enhancement via Intrinsic Relighting",
  journal = "ACM Transactions on Graphics",
  volume = "23",
  number = "3",
  year = "2004",
  pages = "673--678",
}

@article{kopf2007joint,
  author = "J. Kopf and M. Cohen and D. Lischinski and M. Uyttendaele",
  title = "Joint Bilateral Upsampling",
  journal = "ACM Transactions on Graphics",
  volume = "26",
  number = "3",
  year = "2007",
  articleno = "96",
}

@book{kornprobst2009bilateral,
  title={Bilateral filtering: Theory and applications},
  author={Kornprobst, Pierre and Tumblin, Jack},
  year={2009},
  publisher={Now Publishers Inc.}
}

@article{buades2005review,
  author = {A. Buades and B. Coll and J. M. Morel},
  title = {A Review of Image Denoising Algorithms, with a New One},
  journal = {Multiscale Modeling \& Simulation},
  volume = {4},
  number = {2},
  year = {2005},
  pages = {490-530},
}

@article{durand2002fast,
  author = "F. Durand and J. Dorsey",
  title = "Fast Bilateral Filtering for the Display of High-Dynamic-Range Images",
  journal = "ACM Transactions on Graphics",
  volume = "21",
  number = "3",
  year = "2002",
  pages = "257--266",
}

@inproceedings{paris2006fast,
  title={A fast approximation of the bilateral filter using a signal processing approach},
  author={Paris, S. and Durand, F.},
  booktitle={Proc. European conference on computer vision (ECCV)},
  year={2006},
}

@article{weiss2006fast,
  title={Fast median and bilateral filtering},
  author={B. Weiss},
  journal={ACM Transactions on Graphics},
  volume={25},
  number={3},
  pages={519--526},
  year={2006},
}

@article{chen2007real,
  author = "J. Chen and S. Paris and F. Durand",
  title = "Real-Time Edge-Aware Image Processing with the Bilateral Grid",
  journal = "ACM Transactions on Graphics",
  volume = "26",
  number = "3",
  year = "2007",
  articleno = "103",
}

@article{paris2009fast,
  title={A fast approximation of the bilateral filter using a signal processing approach},
  author={S. Paris,  and F. Durand},
  journal={International Journal of Computer Vision},
  volume={81},
  number={1},
  pages={24--52},
  year={2009},
}

@inproceedings{porikli2008constant,
  author = "F. Porikli",
  title = "Constant Time O(1) Bilateral Filtering",
  booktitle = "Proc. IEEE Conference on Computer Vision and Pattern Recognition (CVPR)",
  year = "2008",
}

@inproceedings{porikli2005integral,
  author = "Porikli, F.",
  title = {Integral Histogram: A Fast Way To Extract Histograms in Cartesian Spaces},
  booktitle = {Proc. IEEE Conference on Computer Vision and Pattern Recognition (CVPR)},
  year = {2005},
} 

@INPROCEEDINGS{yang2009realtime, 
author={Q. Yang and K. H. Tan and N. Ahuja}, 
title={Real-time O(1) bilateral filtering}, 
booktitle={Proc. IEEE Conference on Computer Vision and Pattern Recognition (CVPR)}, 
year={2009},
}

@inproceedings{crow1984summed,
  author = "Crow, F. C.",
  title = "Summed-Area Tables for Texture Mapping",
  booktitle = "Proc. ACM SIGGRAPH",
  year = "1984",
  pages = "207--212",
}

@article{viola2004robust,
  author={P. Viola and M. J. Jones},
  title={Robust real-time face detection},
  journal={International journal of computer vision},
  volume={57},
  number={2},
  pages={137--154},
  year={2004},
}
@inproceedings{derich1992recursively,
  author = "Deriche, R.",
  title = "Recursively Implementating the Gaussian and its Derivatives",
  booktitle = "Proc. IEEE International Conference on Image Processing (ICIP)",
  year = "1992",
  pages = "263--267",
} 

@article{deriche1993recursively,
  title = {{Recursively implementating the gaussian and its derivatives}},
  author = {Deriche, Rachid},
  journal = {Research Report RR-1893, INRIA},
  pages = {24},
  year = {1993},
  hal_id = {inria-00074778},
  hal_version = {v1},
}

@article{yang2015constant,
  title={Constant time median and bilateral filtering},
  author={Q. Yang and N. Ahuja and K. H. Tan},
  journal={International Journal of Computer Vision},
  volume={112},
  number={3},
  pages={307--318},
  year={2015},
}

@article{yoshizawa2010fast,
  author = "S. Yoshizawa and A. Belyaev and H. Yokota",
  title = "Fast Gauss Bilateral Filtering",
  journal = "Computer Graphics Forum",
  volume = "29",
  number = "1",
  year = "2010",
  pages = "60--74",
}

@INPROCEEDINGS{gunturk2010fast, 
author={B. Gunturk}, 
title={Fast bilateral filter with arbitrary range and domain kernels}, 
booktitle={Proc. IEEE International Conference on Image Processing (ICIP)}, 
year={2010}, 
}

@ARTICLE{gunturk2011fast, 
author={B. K. Gunturk}, 
journal={IEEE Transactions on Image Processing}, 
title={Fast Bilateral Filter With Arbitrary Range and Domain Kernels}, 
year={2011}, 
volume={20}, 
number={9}, 
pages={2690-2696}, 
}

@inproceedings{bhatia2010stacked,
  author={Bhatia, Amit and Snyder, Wesley E and Bilbro, Griff},
  title={Stacked integral image},
  booktitle={Proc. IEEE International Conference on Robotics and Automation (ICRA)},
  year={2010},
}

@article{chaudhury2011constant, 
  author={K. N. Chaudhury}, 
  journal={IEEE Signal Processing Letters}, 
  title={Constant-Time Filtering Using Shiftable Kernels}, 
  year={2011}, 
  volume={18}, 
  number={11}, 
  pages={651-654}, 
}

@article{chaudhury2011fast, 
  author={K. N. Chaudhury and Sage, D. and Unser, M.}, 
  title={Fast  O(1) Bilateral Filtering Using Trigonometric Range Kernels}, 
  journal={IEEE Transactions on Image Processing}, 
  year={2011}, 
  volume={20}, 
  number={12}, 
  pages={3376-3382},  
}

@article{chaudhury2013acceleration, 
  author={K. N. Chaudhury}, 
  title={Acceleration of the Shiftable O(1) Algorithm for Bilateral Filtering and Nonlocal Means}, 
  journal={IEEE Transactions on Image Processing}, 
  year={2013}, 
  volume={22}, 
  number={4}, 
  pages={1291-1300}, 
}

@inproceedings{chaudhury2015fast,
  author={Chaudhury, K. N.},
  title={Fast and accurate bilateral filtering using Gauss-polynomial decomposition},
  booktitle={IEEE International Conference on Image Processing (ICIP)},
  pages={2005--2009},
  year={2015},
}

@ARTICLE{chaudhury2016fast, 
author={K. N. Chaudhury and S. D. Dabhade}, 
title={Fast and Provably Accurate Bilateral Filtering}, 
journal={IEEE Transactions on Image Processing}, 
year={2016}, 
volume={25}, 
number={6}, 
pages={2519-2528}, 
}

@INPROCEEDINGS{ghosh2016fast, 
author={S. Ghosh and K. N. Chaudhury}, 
title={Fast and high-quality bilateral filtering using Gauss-Chebyshev approximation},
booktitle={International Conference on Signal Processing and Communications (SPCOM)}, 
year={2016}, 
}

@article{sugimoto2015compressive, 
author={K. Sugimoto and S. Kamata}, 
title={Compressive bilateral filtering}, 
journal={IEEE Transactions on Image Processing}, 
year={2015}, 
volume={24}, 
number={11}, 
pages={3357-3369}, 
}

@INPROCEEDINGS{sugimoto2013fast, 
author={K. Sugimoto and S. Kamata}, 
title={Fast Gaussian filter with second-order shift property of DCT-5}, 
booktitle={Proc. IEEE International Conference on Image Processing (ICIP)}, 
year={2013},
}

@article{sugimoto2015efficient, 
  author={K. Sugimoto and S. Kamata}, 
  journal={ITE Transactions on Media Technology and Applications}, 
  title={Efficient constant-time Gaussian filtering with sliding DCT/DST-5 and dual-domain error minimization}, 
  year={2015}, 
  volume={3}, 
  number={1}, 
  pages={12-21}, 
}

@article{deng2017fast,
  author={Deng, G.},
  title={Fast compressive bilateral filter},
  journal={Electronics Letters},
  volume={53},
  number={3},
  pages={150--152},
  year={2017},
}

@inproceedings{sugimoto2017efficient,
  author = "杉本憲治郎 and 白井啓一郎 and 福嶋慶繁 and 鎌田清一郎",
  title = "レンジカーネルの対称性に基づく効率的な定数時間バイラテラルフィルタ",
  booktitle = "信号処理シンポジウム",
  year = "2017",
}

@INPROCEEDINGS{sugimoto2016consant, 
author={K. Sugimoto and T. Breckon and S. Kamata}, 
title={Constant-time bilateral filter using spectral decomposition}, 
booktitle={Proc. IEEE International Conference on Image Processing (ICIP)}, 
year={2016}, 
}

@INPROCEEDINGS{sugimoto2017svd, 
author={杉本憲治郎 and 鎌田清一郎}, 
title={特異値分解を用いた効率的な定数時間バイラテラルフィルタ},
booktitle={PCSJ/IMPS}, 
year={2017}, 
}

@inproceedings{watanabe2018stability,
    author  = {K. Watanabe, Y. Maeda and N. Fukushima},
    title   = {Stability of Recursive Gaussian Filtering for Piecewise Linear Bilateral Filtering},
    booktitle = {Proc. International Workshop on Frontiers of Computer Vision (IW-FCV)},
    year    = {2018},
}

@article{alvarez1994signal,
 author = {L. Alvarez and L. Mazorra},
 title = {Signal and Image Restoration Using Shock Filters and Anisotropic Diffusion},
 journal = {SIAM Journal on Numerical Analysis},
 volume = {31},
 number = {2},
 pages = {590--605},
 year = {1994},
}

@article{young1995recursive,
author = "I. T. Young and L. J. van Vliet",
title = "Recursive implementation of the Gaussian filter",
journal = "Signal Processing",
volume = "44",
number = "2",
pages = "139 -- 151",
year = "1995",
}

@INPROCEEDINGS{vliet1998recursive, 
author={L. J. van Vliet and I. T. Young and P. W. Verbeek}, 
title={Recursive Gaussian derivative filters}, 
booktitle={Proc. International Conference on Pattern Recognition (ICPR)}, 
year={1998}, 
}

@INPROCEEDINGS{triggs2006boundary, 
author={B. Triggs and M. Sdika}, 
booktitle={IEEE Transactions on Signal Processing}, 
title={Boundary conditions for Young-van Vliet recursive filtering}, 
year={2006}, 
volume={54}, 
number={6}, 
pages={2365--2367}, 
}

@INPROCEEDINGS{sugimoto2018universal,
author = {K. Sugimoto and S. Kyochi and S. Kamata },
title = {UNIVERSAL APPROACH FOR DCT-BASED CONSTANT-TIME GAUSSIAN FILTER WITH MOMENT PRESERVATION},
booktitle={Proc. IEEE International Conference on Acoustics, Speech and Signal Processing (ICASSP)}, 
year = {2018}
}

@inproceedings{fukushima2018efficient,
    author  = {N. Fukushima and Y. Maeda and Y. Kawasaki and M. Nakamura and T. Tsumura and K. Sugimoto and S. Kamata},
    title   = {Efficient Computational Scheduling of Box and Gaussian FIR Filtering for CPU Microarchitecture},
    booktitle = {Proc. Asia-Pacific Signal and Information Processing Association Annual Summit and Conference (APSIPA)},
    year    = {2018},
}

@article{adams2009gaussian,
  title={Gaussian kd-trees for fast high-dimensional filtering},
  author={Adams, Andrew and Gelfand, Natasha and Dolson, Jennifer and Levoy, Marc},
  journal={ACM Transactions on Graphics},
  volume={28},
  number={3},
  pages={21},
  year={2009},
}

@article{adams2010fast,
  title={Fast high-dimensional filtering using the permutohedral lattice},
  author={Adams, Andrew and Baek, Jongmin and Davis, Myers Abraham},
  journal={Computer Graphics Forum},
  volume={29},
  number={2},
  pages={753--762},
  year={2010},
}

@inproceedings{sugimoto2016fast,
    author  = {K. Sugimoto and N. Fukushima and S. Kamata},
    title   = {Fast bilateral filter for multichannel images via soft-assignment coding},
    booktitle = {Proc. Asia-Pacific Signal and Information Processing Association Annual Summit and Conference (APSIPA)},
    year    = {2016},
}

@ARTICLE{papari2017fast, 
author={G. Papari and N. Idowu and T. Varslot}, 
journal={IEEE Transactions on Image Processing}, 
title={Fast Bilateral Filtering for Denoising Large 3D Images}, 
year={2017}, 
volume={26}, 
number={1}, 
pages={251-261}, 
}

@article{mozerov2015global,
  title={Global color sparseness and a local statistics prior for fast bilateral filtering},
  author={M. G. Mozerov and J. van de Weijer},
  journal={IEEE Transactions on Image Processing},
  volume={24},
  number={12},
  pages={5842–-5853},
  year={2015},
}

@inproceedings{karam2015stochastic,
    author  = {C. Karam and C. Chen, and K. Hirakawa},
    title   = {Stochastic bilateral filter for high-dimensional images},
    booktitle = {Proc. IEEE International Conference on Image Processing (ICIP)},
    year    = {2015},
}

@inproceedings{ghosh2016fast2,
    author  = {S. Ghosh and K. N. Chaudhury},
    title   = {Fast bilateral filtering of vector-valued images},
    booktitle = {Proc. IEEE International Conference on Image Processing (ICIP)},
    year    = {2016},
}

@inproceedings{sugimoto2016fast,
    author  = {K. Sugimoto and N. Fukushima and S. Kamata},
    title   = {Fast bilateral filter for multichannel images via soft-assignment coding},
    booktitle = {Proc. Asia-Pacific Signal and Information Processing Association Annual Summit and Conference (APSIPA)},
    year    = {2016},
}

@inproceedings{yang2012recursive,
  title={Recursive bilateral filtering},
  author={Yang, Q.},
  booktitle={Proc. European Conference on Computer Vision (ECCV)},
  pages={399--413},
  year={2012},
}

@article{yang2015recursive, 
  author={Q. Yang}, 
  journal={IEEE Transactions on Image Processing}, 
  title={Recursive Approximation of the Bilateral Filter}, 
  year={2015}, 
  volume={24}, 
  number={6}, 
  pages={1919-1927}, 
}

@inproceedings{fukushima2017complex,
    author  = {N. Fukushima and K. Sugimoto and S. Kamata},
    title   = {Complex Coefficient Representation for IIR Bilateral Filter},
    booktitle = {in Proc. International Conference on Image Processing (ICIP)},
    year    = {2017},
}

@article{gastal2011domain,
  author = "E. S. L. Gastal and M. M. Oliveira",
  title = "Domain Transform for Edge-Aware Image and Video Processing",
  journal = "ACM Transactions on Graphics",
  volume = "30",
  number = "4",
  year = "2011",
  articleno = "69",
}

@article{gastal2012adaptive,
  author = "E. S. L. Gastal and M. M. Oliveira",
  title = "Adaptive Manifolds for Real-Time High-Dimensional Filtering",
  journal = "ACM Transactions on Graphics",
  volume = "31",
  number = "4",
  year = "2012",
  articleno = "33",
}

@article{baek2010accelerating,
  title={Accelerating spatially varying Gaussian filters},
  author={Baek, Jongmin and Jacobs, David E},
  journal={ACM Transactions on Graphics (TOG)},
  volume={29},
  number={6},
  pages={169},
  year={2010},
}

@article{gavaskar2018fast,
  author    = {R. G. Gavaskar and K. N. Chaudhury},
  title     = {Fast Adaptive Bilateral Filtering},
  journal   = {CoRR},
  volume    = {abs/1811.02308},
  year      = {2018},
  archivePrefix = {arXiv},
}

@inproceedings{pham2005separable,
  author = "T. Q. Pham and L. J. V. Vliet",
  title = "Separable Bilateral Filtering for Fast Video Preprocessing",
  booktitle = "Proc. IEEE International Conference on Multimedia and Expo (ICME)",
  year = "2005",
}

@inproceedings{fukushima2015icassp,
    author  = {N. Fukushima and S. Fujita and Y. Ishibashi},
    title   = {Switching Dual Kernels  for Separable Edge-Preserving Filtering},
    booktitle = {Proc. IEEE International Conference on Acoustics, Speech and Signal Processing (ICASSP)},
    year    = {2015},
}

@inproceedings{yamashita2017avm,
    author  = {山下頌太 and 福嶋慶繁},
    title   = {加重係数の多項式近似によるセパラブルバイラテラルフィルタリングの高精度化},
    booktitle = {情報処理学会オーディオビジュアル複合情報処理研究会(AVM)},
    year    = {2017},
}

@article{maeda2018taxonomy,
AUTHOR = {Y. Maeda and N. Fukushima and H. Matsuo},
TITLE = {Taxonomy of Vectorization Patterns of Programming for FIR Image Filters Using Kernel Subsampling and New One},
JOURNAL = {Applied Sciences},
VOLUME = {8},
YEAR = {2018},
NUMBER = {8},
}

@article{maeda2018edge,
AUTHOR = {Y. Maeda and N. Fukushima and H. Matsuo},
TITLE = {Effective Implementation of Edge-Preserving Filtering on CPU Microarchitectures},
JOURNAL = {Applied Sciences},
VOLUME = {8},
YEAR = {2018},
NUMBER = {10},
}

@ARTICLE{dabhade2018reconfigurable, 
author={S. D. Dabhade and G. N. Rathna and K. N. Chaudhury}, 
title={A Reconfigurable and Scalable FPGA Architecture for Bilateral Filtering}, 
journal={IEEE Transactions on Industrial Electronics}, 
year={2018}, 
volume={65}, 
number={2}, 
pages={1459--1469}, 
}

@article{ragan2012decoupling,
  author={Ragan-Kelley, J. and Adams, A. and Paris, S. and M. Levoy and Amarasinghe, S. and Durand, F.},
  title={Decoupling Algorithms from Schedules for Easy Optimization of Image Processing Pipelines},
  journal={ACM Transactions on Graphics},
  volume={31},
  number={4},
  year={2012},
}

@article{ragan2013halide,
  author={Ragan-Kelley, J. and Barnes, C. and Adams, A. and Paris, S. and Durand, F. and Amarasinghe, S.},
  title={Halide: a language and compiler for optimizing parallelism, locality, and recomputation in image processing pipelines},
  journal={ACM Transactions on Graphics},
  volume={48},
  number={6},
  pages={519--530},
  year={2013},
}

@article{mullapudi2016automatically,
 author = {Mullapudi, R. T. and Adams, A.and Sharlet, D. and Ragan-Kelley, J. and Fatahalian, K.},
 title = {Automatically Scheduling Halide Image Processing Pipelines},
 journal = {ACM Transactions on Graphics},
 volume = {35},
 number = {4},
 year = {2016},
}

@article{li2018differentiable,
    author = {Li, T.-M. and Gharbi, M. and Adams, A. and Durand, F. and Ragan-Kelley, J.},
    title = {Differentiable programming for image processing and deep learning in {Halide}},
    journal = {ACM Transactions on Graphics},
    volume = {37},
    number = {4},
    year = {2018}
}

@inproceedings{,
    author  = {a and b},
    title   = {},
    booktitle = {Proc. },
    year    = {},
}

@article{,
  author  = {},
  title   = {},
  journal = {},
  volume  = {},
  number  = {},
  year    = {},
  pages   = {},
  publisher = {},
}